@website{gd,
  url       = {http://www.bogotobogo.com/python/scikit-learn/images/Batch-vs-Stochastic-Gradient-Descent/},
}

@website{gd_3d,
  url       = {https://github.com/quinnliu/machineLearning/tree/master/supervisedLearning/linearRegressionInMultipleVariables},
}

@website{lr,
  url       = {https://www.quora.com/What-is-the-meaning-of-changing-the-LR-learning-rate-in-neural-networks},
}

@website{val,
  url       = {http://documentation.statsoft.com/STATISTICAHelp.aspx?path=SANN/Overview/SANNOverviewsNetworkGeneralization},
}
